<marc:record>
        <marc:leader>06646cam a2200733 i 4500</marc:leader>
        <marc:controlfield tag="001">1813680-1</marc:controlfield>
        <marc:controlfield tag="005">20141210134539.0</marc:controlfield>
        <marc:controlfield tag="008">940420m17241725enk           000 1 eng d</marc:controlfield>
        <marc:datafield ind1=" " ind2=" " tag="035">
            <marc:subfield code="a">(OCoLC)ocn187452156</marc:subfield></marc:datafield>
        <marc:datafield ind1=" " ind2=" " tag="035">
            <marc:subfield code="a">(OCoLC)187452156</marc:subfield>
        </marc:datafield>
        <marc:datafield ind1=" " ind2=" " tag="035">
            <marc:subfield code="a">(CStRLIN)PAUGEAY9368-B</marc:subfield>
        </marc:datafield>
        <marc:datafield ind1=" " ind2=" " tag="035">
            <marc:subfield code="a">(CStRLIN)PAUGEAY9368-B</marc:subfield>
        </marc:datafield>
        <marc:datafield ind1=" " ind2=" " tag="035">
            <marc:subfield code="9">EAY9368</marc:subfield>
        </marc:datafield>
        <marc:datafield ind1=" " ind2=" " tag="035">
            <marc:subfield code="a">1813680-1</marc:subfield>
        </marc:datafield>
        <marc:datafield ind1=" " ind2=" " tag="040">
            <marc:subfield code="a">PU</marc:subfield>
            <marc:subfield code="c">PU</marc:subfield>
        </marc:datafield>
        <marc:datafield ind1=" " ind2=" " tag="090">
            <marc:subfield code="f">h</marc:subfield>
            <marc:subfield code="n">\\jl\\</marc:subfield>
        </marc:datafield>
        <marc:datafield ind1="1" ind2=" " tag="100">
            <marc:subfield code="a">Young lady.</marc:subfield>
        </marc:datafield>
        <marc:datafield ind1="1" ind2="4" tag="245">
            <marc:subfield code="a">The prude :</marc:subfield>
            <marc:subfield code="b">a novel /</marc:subfield>
            <marc:subfield code="c">by a young lady.</marc:subfield>
        </marc:datafield>
        <marc:datafield ind1=" " ind2=" " tag="246">
            <marc:subfield code="a">The prude: a novel. By a young lady.</marc:subfield>
            <marc:subfield code="d">Letter-press</marc:subfield>
            <marc:subfield code="g">Full</marc:subfield>
            <marc:subfield code="x">Work</marc:subfield>
            <marc:subfield code="v">v.1</marc:subfield>
        </marc:datafield>
        <marc:datafield ind1=" " ind2=" " tag="246">
            <marc:subfield code="a">The prude; a novel. Part II. Price 1 s. 6 d.</marc:subfield>
            <marc:subfield code="d">Letter-press</marc:subfield>
            <marc:subfield code="g">Half</marc:subfield>
            <marc:subfield code="x">Volume</marc:subfield>
            <marc:subfield code="v">v.2</marc:subfield>
        </marc:datafield>
        <marc:datafield ind1=" " ind2=" " tag="246">
            <marc:subfield code="a">The prude; a novel. Part II. Written by a young lady.</marc:subfield>
            <marc:subfield code="d">Letter-press</marc:subfield>
            <marc:subfield code="g">Full</marc:subfield>
            <marc:subfield code="x">Volume</marc:subfield>
            <marc:subfield code="v">v.2</marc:subfield>
        </marc:datafield>
        <marc:datafield ind1=" " ind2=" " tag="246">
            <marc:subfield code="a">The prude. A novel. Part III. and last. (Price 1 s. 6 d.)</marc:subfield>
            <marc:subfield code="d">Letter-press</marc:subfield>
            <marc:subfield code="g">Half</marc:subfield>
            <marc:subfield code="x">Volume</marc:subfield>
            <marc:subfield code="v">v.3</marc:subfield>
        </marc:datafield>
        <marc:datafield ind1=" " ind2=" " tag="246">
            <marc:subfield code="a">The prude: a novel. By a young lady. Part III. and last.</marc:subfield>
            <marc:subfield code="d">Letter-press</marc:subfield>
            <marc:subfield code="g">Full</marc:subfield>
            <marc:subfield code="x">Volume</marc:subfield>
            <marc:subfield code="v">v.3</marc:subfield>
        </marc:datafield>
        <marc:datafield ind1="0" ind2="7" tag="246">
            <marc:subfield code="a">The prude.</marc:subfield>
            <marc:subfield code="v">v.1</marc:subfield>
            <marc:subfield code="v">v.2</marc:subfield>
            <marc:subfield code="v">v.3</marc:subfield>
        </marc:datafield>
        <marc:datafield ind1="0" ind2="7" tag="246">
            <marc:subfield code="a">The prude. (verso)</marc:subfield>
            <marc:subfield code="a">The prude. (recto)</marc:subfield>
            <marc:subfield code="v">v.1</marc:subfield>
            <marc:subfield code="v">v.2</marc:subfield>
            <marc:subfield code="v">v.3</marc:subfield>
        </marc:datafield>
        <marc:datafield ind1=" " ind2=" " tag="260">
            <marc:subfield code="a">London</marc:subfield>
            <marc:subfield code="b">Printed for J. Roberts, near the Oxford-Arms in Warwick-Lane.</marc:subfield>
            <marc:subfield code="c">M.DCC.XXIV.</marc:subfield>
            <marc:subfield code="c">1724</marc:subfield>
            <marc:subfield code="v">v.1</marc:subfield>
        </marc:datafield>
        <marc:datafield ind1=" " ind2=" " tag="260">
            <marc:subfield code="a">London</marc:subfield>
            <marc:subfield code="b">Printed for J. Roberts, near the Oxford-Arms in Warwick-Lane.</marc:subfield>
            <marc:subfield code="c">M.DCC.XXV.</marc:subfield>
            <marc:subfield code="c">1725</marc:subfield>
            <marc:subfield code="v">v.2</marc:subfield>
            <marc:subfield code="v">v.3</marc:subfield>
        </marc:datafield>
        <marc:datafield ind1=" " ind2=" " tag="300">
            <marc:subfield code="a">3 v. ;</marc:subfield>
            <marc:subfield code="c">20 cm.</marc:subfield>
            <marc:subfield code="x">Quarto</marc:subfield>
            <marc:subfield code="a">[3 v.]</marc:subfield>
        </marc:datafield>
        <marc:datafield ind1=" " ind2=" " tag="500">
            <marc:subfield code="a">Dedication signed: Ma. A.</marc:subfield>
        </marc:datafield>
        <marc:datafield ind1=" " ind2=" " tag="500">
            <marc:subfield code="a">Book consists of three volumes bound together. Separate pagination for each volume.</marc:subfield>
        </marc:datafield>
        <marc:datafield ind1=" " ind2=" " tag="500">
            <marc:subfield code="a">&quot;&quot;Price 1 s. 6 d.&quot;&quot; printed at bottom of full title page in v.1, full and half title pages in v.2, and half title page in v.3. v.2 full title page has a slightly longer statement: &quot;&quot;Where may be had the first part, Price 1 s. 6 d.&quot;</marc:subfield>
        </marc:datafield>
        <marc:datafield ind1=" " ind2=" " tag="500">
            <marc:subfield code="a">Stamp on verso of v. 1 title page: a crest with the words &quot;&quot;Hen. Drax. Esq. R&quot;&quot; written at the bottom. (The image differs from the one on front paste-down endpaper.)&quot;</marc:subfield>
        </marc:datafield>
        <marc:datafield ind1=" " ind2=" " tag="500">
            <marc:subfield code="a">Crest reading &quot;&quot;Thomas.Erle.Drax.Esq.R&quot;&quot; pasted onto front paste-down endpaper, along with a bookplate that reads &quot;&quot;Holnest Park -- The property of the trustees of the late J. S. W. S. Erle Drax. No 1252&quot;&quot;. (The image differs from the one on verso of title page, v.1.)&quot;</marc:subfield>
        </marc:datafield>
        <marc:datafield ind1=" " ind2=" " tag="500">
            <marc:subfield code="a">Bookplate on recto front free endpaper: &quot;&quot;Library of the University of Pennsylvania -- The Godfrey F. Singer Memorial Presented by Mr. and Mrs. Jacob Singer&quot;</marc:subfield>
        </marc:datafield>
        <marc:datafield ind1=" " ind2=" " tag="500">
            <marc:subfield code="a">Library markings on verso of v.1 title page; v.1 p. iii; verso last leaf; verso of back free endpaper.</marc:subfield>
        </marc:datafield>
        <marc:datafield ind1="4" ind2=" " tag="510">
            <marc:subfield code="a">ESTC (RLIN)</marc:subfield>
            <marc:subfield code="c">N53846</marc:subfield>
        </marc:datafield>
        <marc:datafield ind1="4" ind2=" " tag="510">
            <marc:subfield code="a">Esdaile, A.J.K. Tales</marc:subfield>
            <marc:subfield code="c">p.292.</marc:subfield>
        </marc:datafield>
        <marc:datafield ind1="4" ind2=" " tag="510">
            <marc:subfield code="a">McBurney, W.H.  Engl. prose fiction,</marc:subfield>
            <marc:subfield code="c">153</marc:subfield>
        </marc:datafield>
        <marc:datafield ind1=" " ind2=" " tag="520">
            <marc:subfield code="a">Dedication</marc:subfield>
            <marc:subfield code="b">To the incomparable Mrs. Eliza Haywood.</marc:subfield>
            <marc:subfield code="c">Front</marc:subfield>
            <marc:subfield code="v">v.1</marc:subfield>
            <marc:subfield code="x">First line: &quot;&quot;Madam, flattery being so common in a dedication, I resolv\'d to chuse a person whose merit the world was too well acquainted with, to cause the least suspicion of my being guilty of that mean vice.&quot;&quot;</marc:subfield>
            <marc:subfield code="x">&quot;&quot;I will venture, with a prophetick boldness, to assure you, that incomparable play you were pleased to show me part of in manuscript, will be esteemed by the most excellent judges, a matchless piece, and make your fame as immortal, tho\' in a different way, as the never-dying Sapho&quot;&quot; (iv).</marc:subfield>
            <marc:subfield code="x">Signed &quot;&quot;MA.A.&quot;</marc:subfield>
        </marc:datafield>
        <marc:datafield ind1=" " ind2=" " tag="590">
            <marc:subfield code="a">Copy one bound in one volume.</marc:subfield>
        </marc:datafield>
        <marc:datafield ind1=" " ind2=" " tag="591">
            <marc:subfield code="a">Love, like a meteor, shews a short-liv\'d blaze; -- Or treads thro\' various skies a wand\'ring maze: -- Begot by fancy, and by fancy led; -- Here in a moment, in a moment fled: -- But fix\'d by obligations, it will last; -- For gratitude\'s the char, that binds it fast.</marc:subfield>
            <marc:subfield code="2">Lansdown</marc:subfield>
            <marc:subfield code="b">The Jew of Venice</marc:subfield>
            <marc:subfield code="c">George Granville Baron Lansdowne</marc:subfield>
            <marc:subfield code="v">v.1</marc:subfield>
            <marc:subfield code="x">On full title page in v.1.</marc:subfield>
        </marc:datafield>
        <marc:datafield ind1=" " ind2=" " tag="592">
            <marc:subfield code="a">Third-person</marc:subfield>
            <marc:subfield code="b">First-person</marc:subfield>
            <marc:subfield code="b">Epistolary</marc:subfield>
            <marc:subfield code="c">Poems</marc:subfield>
            <marc:subfield code="x">Letters between characters appear in all three volumes.</marc:subfield>
            <marc:subfield code="x">A poem that &quot;&quot;may justly be apply\'d to Elisinda&quot;&quot; appears v.1, pp. 28-9.</marc:subfield>
            <marc:subfield code="x">v.2 and v.3 contain sections of first-person narration in which characters relate their histories or other stories to each other.&quot;</marc:subfield>
        </marc:datafield>
        <marc:datafield ind1=" " ind2=" " tag="595">
            <marc:subfield code="a">Pencil</marc:subfield>
            <marc:subfield code="b">Words</marc:subfield>
            <marc:subfield code="b">Numbers</marc:subfield>
            <marc:subfield code="x">On verso of front free endpaper. Mostly illegible; appears to include a price in pounds.</marc:subfield>
        </marc:datafield>
        <marc:datafield ind1=" " ind2=" " tag="599">
            <marc:subfield code="a">Author (paratext)</marc:subfield>
            <marc:subfield code="b">Initials</marc:subfield>
            <marc:subfield code="b">Generic/Descriptive</marc:subfield>
            <marc:subfield code="2">Your most obedient humble servant, MA. A.</marc:subfield>
            <marc:subfield code="3">Dedication</marc:subfield>
            <marc:subfield code="5">Female</marc:subfield>
            <marc:subfield code="6">Unknown</marc:subfield>
            <marc:subfield code="7">Implicit gender claim: while praising Haywood, mentions admiring &quot;&quot;those excellencies which adorn the mind, (particularly when I am so fortunate to find \'em in my own sex)&quot;&quot; (iii).&quot;</marc:subfield>
        </marc:datafield>
        <marc:datafield ind1=" " ind2=" " tag="599">
            <marc:subfield code="a">Author (text)</marc:subfield>
            <marc:subfield code="b">Initials</marc:subfield>
            <marc:subfield code="b">Generic/Descriptive</marc:subfield>
            <marc:subfield code="2">Your most obedient humble servant, MA. A.</marc:subfield>
            <marc:subfield code="2">I shall have reach\'d the height of my ambition, if you but read this little book [...]</marc:subfield>
            <marc:subfield code="3">Dedication</marc:subfield>
            <marc:subfield code="5">Female</marc:subfield>
            <marc:subfield code="6">Unknown</marc:subfield>
            <marc:subfield code="7">Implicit gender claim: while praising Haywood, mentions admiring &quot;&quot;those excellencies which adorn the mind, (particularly when I am so fortunate to find \'em in my own sex)&quot;&quot; (iii).&quot;</marc:subfield>
        </marc:datafield>
        <marc:datafield ind1=" " ind2=" " tag="599">
            <marc:subfield code="a">Author (text)</marc:subfield>
            <marc:subfield code="b">Generic/Descriptive</marc:subfield>
            <marc:subfield code="2">[A] novel by a young lady.</marc:subfield>
            <marc:subfield code="2">By a young lady.</marc:subfield>
            <marc:subfield code="2">Written by a young lady.</marc:subfield>
            <marc:subfield code="3">Title Page</marc:subfield>
            <marc:subfield code="5">Female</marc:subfield>
            <marc:subfield code="6">Unknown</marc:subfield>
        </marc:datafield>
        <marc:datafield ind1=" " ind2="4" tag="650">
            <marc:subfield code="a">CHR 1724-1725</marc:subfield>
        </marc:datafield>
        <marc:datafield ind1=" " ind2="4" tag="650">
            <marc:subfield code="a">PRO Drax, Thomas Erle (bookplate) (cop.1)</marc:subfield>
        </marc:datafield>
        <marc:datafield ind1=" " ind2="4" tag="650">
            <marc:subfield code="a">Preece, Ann (autograph) (cop.2)</marc:subfield>
        </marc:datafield>
        <marc:datafield ind1=" " ind2=" " tag="656">
            <marc:subfield code="a">Fiction</marc:subfield>
            <marc:subfield code="b">Back</marc:subfield>
            <marc:subfield code="c">Same publisher</marc:subfield>
            <marc:subfield code="c">Same genre</marc:subfield>
            <marc:subfield code="v">v.2</marc:subfield>
            <marc:subfield code="x">Advertisement describes these books only as &quot;&quot;Lately published,&quot;&quot; omitting information about publisher or author. ESTC records show that all five had the same publisher as &quot;&quot;The Prude&quot;&quot;. The first four titles are by Eliza Haywood, to whom &quot;&quot;The Prude&quot;&quot; is dedicated; the fifth is by Delariviere Manley.&quot;</marc:subfield>
        </marc:datafield>
        <marc:datafield ind1=" " ind2=" " tag="656">
            <marc:subfield code="a">Fiction</marc:subfield>
            <marc:subfield code="b">Front</marc:subfield>
            <marc:subfield code="c">Same publisher</marc:subfield>
            <marc:subfield code="c">Same genre</marc:subfield>
            <marc:subfield code="v">v.3</marc:subfield>
            <marc:subfield code="x">Advertises &quot;&quot;The Masqueraders&quot;&quot; and &quot;&quot;Bath Intrigues&quot;&quot;, published by J. Roberts. Authors are Eliza Haywood and Delariviere Manley according to ESTC (unlisted in advertisement). Same titles also advertised in v.2.</marc:subfield>
            <marc:subfield code="x">Advertisement for &quot;&quot;The Masqueraders&quot;&quot; uses a quote from Pope\'s &quot;&quot;Rape of the Lock&quot;&quot;.&quot;</marc:subfield>
        </marc:datafield>
        <marc:datafield ind1="0" ind2="0" tag="700">
            <marc:subfield code="a">MA. A.</marc:subfield>
            <marc:subfield code="4">Author (text)</marc:subfield>
            <marc:subfield code="4">Author (paratext)</marc:subfield>
            <marc:subfield code="5">Unauthorized</marc:subfield>
        </marc:datafield>
        <marc:datafield ind1="0" ind2="0" tag="700">
            <marc:subfield code="a">Haywood, Eliza Fowler</marc:subfield>
            <marc:subfield code="d">1693?-1756</marc:subfield>
            <marc:subfield code="4">Dedicatee</marc:subfield>
            <marc:subfield code="5">Authorized</marc:subfield>
        </marc:datafield>
        <marc:datafield ind1="0" ind2="0" tag="700">
            <marc:subfield code="a">Lansdowne, George Granville Baron</marc:subfield>
            <marc:subfield code="d">1667-1735</marc:subfield>
            <marc:subfield code="4">Author (epigraph)</marc:subfield>
            <marc:subfield code="5">Authorized</marc:subfield>
        </marc:datafield>
        <marc:datafield ind1="0" ind2="0" tag="700">
            <marc:subfield code="a">Roberts, James</marc:subfield>
            <marc:subfield code="d">1668 or 1669-1754</marc:subfield>
            <marc:subfield code="4">Printed for</marc:subfield>
            <marc:subfield code="5">Authorized</marc:subfield>
        </marc:datafield>
        <marc:datafield ind1="2" ind2=" " tag="710">
            <marc:subfield code="a">Collection of British and American Fiction, 1660-1830 (University of Pennsylvania)</marc:subfield>
            <marc:subfield code="5">PU</marc:subfield>
        </marc:datafield>
        <marc:datafield ind1="2" ind2=" " tag="710">
            <marc:subfield code="a">Early Novels</marc:subfield>
            <marc:subfield code="5">University of Pennsylvania</marc:subfield>
        </marc:datafield>
        <marc:datafield ind1=" " ind2=" " tag="950">
            <marc:subfield code="l">RBC</marc:subfield>
            <marc:subfield code="a">PR3291.A6</marc:subfield>
            <marc:subfield code="b">Y5 1724</marc:subfield>
            <marc:subfield code="i">01/01/01 N</marc:subfield>
            <marc:subfield code="x">010</marc:subfield>
        </marc:datafield>
        <marc:datafield ind1=" " ind2=" " tag="989">
            <marc:subfield code="2">Prude</marc:subfield>
            <marc:subfield code="2">Novel</marc:subfield>
            <marc:subfield code="3">Young</marc:subfield>
            <marc:subfield code="2">Lady</marc:subfield>
            <marc:subfield code="2">Part</marc:subfield>
            <marc:subfield code="3">Last</marc:subfield>
            <marc:subfield code="6">Write</marc:subfield>
        </marc:datafield>
        <marc:datafield ind1=" " ind2=" " tag="955">
            <marc:subfield code="l">RBC</marc:subfield>
            <marc:subfield code="c">1:v.1-3</marc:subfield>
            <marc:subfield code="s">726619</marc:subfield>
            <marc:subfield code="s">bound in one volume</marc:subfield>
            <marc:subfield code="s">recl. fr. 823/P953</marc:subfield>
        </marc:datafield>
        <marc:datafield ind1=" " ind2=" " tag="955">
            <marc:subfield code="l">RBC</marc:subfield>
            <marc:subfield code="c">2:v.2</marc:subfield>
            <marc:subfield code="s">726040</marc:subfield>
        </marc:datafield>
        <marc:datafield ind1=" " ind2=" " tag="998">
            <marc:subfield code="n">PU</marc:subfield>
            <marc:subfield code="z">BNA</marc:subfield>
        </marc:datafield>
        <marc:datafield ind1=" " ind2=" " tag="948">
            <marc:subfield code="a">jl</marc:subfield>
        </marc:datafield>
        <marc:datafield ind1=" " ind2=" " tag="999">
            <marc:subfield code="a">YDS</marc:subfield>
            <marc:subfield code="b">7/14/15</marc:subfield>
            <marc:subfield code="c">Swarthmore College</marc:subfield>
            <marc:subfield code="d">NB</marc:subfield>
        </marc:datafield>
    </marc:record>